<?xml version="1.0" encoding="UTF-8"?><collection xmlns="http://www.loc.gov/MARC21/slim"><record><leader>00323nam--2200121-i-4500</leader><controlfield tag="001">000033293</controlfield><controlfield tag="002">20161230</controlfield><controlfield tag="005">20161230201039</controlfield><controlfield tag="008">060222s1000------------r-----000-0-eng-d</controlfield><datafield ind1=" " ind2=" " tag="080"><subfield code="a">62:5:33</subfield></datafield><datafield ind1=" " ind2=" " tag="245"><subfield code="a">Metodologia prognozelor dezvoltarii tehnico-sttintifice.traducere</subfield></datafield><datafield ind1=" " ind2=" " tag="260"><subfield code="a">Bucuresti, I.D.T., 1970. 173p</subfield></datafield><datafield ind1=" " ind2=" " tag="852"><subfield code="a">35729</subfield></datafield></record></collection>